@Article{deboor,
	author = {de Boor, Carl},
	journal = {SIAM Journal on Numerical Analysis},
	year = {1973},
	month = 10,
	pages = 57,
	title = {Package for Calculating with B-Splines},
	volume = {14}
}

@InProceedings{gesturerecog,
	author = {Brian A. Smith, Xiaojun Bi, Shumin Zhai},
	title = {Optimizing Touchscreen Keyboards for Gesture Typing},
	booktitle = {Human Factors in Computing Systems},
	year = {2015}
}

@InProceedings{cirrin,
	author = {Mankoff J. and Abowd G.D.},
	title = {Cirrin: a word-level unistroke keyboard for pen input.},
	booktitle = {User Interface Software and Technology },
	pages = {213--214},
	year = {1998},
	publisher = {ACM Press}
}


@InProceedings{quicwriting,
	author = {Perlin K},
	title = {Quikwriting: continuous stylus-based text entry.},
	booktitle = {User Interface Software and Technology },
	pages = {215--216},
	year = {1998},
	publisher = {ACM Press}
}

@InProceedings{evaluation,
	author = {Bi X., Azenkot S., Partridge K. and Zhai S},
	title = {Octopus: evaluating touchscreen keyboard correction and recognition algorithms via remulation},
	booktitle = {Human Factors in Computing Systems},
	pages = {543--552},
	year = {2013},
	publisher = {ACM Press}
}

@InProceedings{iqwerty,
	author={Zhai, S. and Kristensson, P.O.},
	title= {Interlaced QWERTY -accommodating ease of visual search and input flexibility in shape writing.},
	booktitle={Human Factors in Computing Systems},
	year = {2008},
	publisher={ACM Press},
	pages= {593-596}	
}


@InProceedings{strokes,
	author = {Cao X. and Zhai S.},
	title = {Modeling human performance of pen stroke gestures.},
	booktitle = {Human Factors in Computing Systems},
	pages = {1945--1504},
	year = {2007},
	publisher = {ACM Press}
}

@InProceedings{pareto,
	author={Dunlop, M.D. and Levine, J.},
	title={Multidimensional Pareto optimization of touchscreen keyboards for speed, familiarity, and improved spell checking.},
	booktitle={Human Factors in Computing Systems},
	year={2012},
	publisher={ACM Press},
	pages={2669–2678}
}

@online{brown,
	author = {W. N. Francis and H. Kucera},
	title = {Brown Corpus Manual},
	year = {1964},
	url = {http://www.hit.uib.no/icame/brown/bcm.html}
}

@InProceedings{weighting,
	author={Bi X., Ouyang T. and Zhai S.},
	title={Both complete and correct? Multiobjective optimization of a touchscreen keyboard.},
	booktitle={Human Factors in Computing Systems},
	year={2014},
	publisher={ACM Press},
	pages={2297–2306}
}